<?xml version="1.0" encoding="UTF-8"?><collection xmlns="http://www.loc.gov/MARC21/slim"><record><leader>00470nam--2200145-i-4500</leader><controlfield tag="001">000009868</controlfield><controlfield tag="002">20161230</controlfield><controlfield tag="005">20170306230005</controlfield><controlfield tag="008">060222s1000------------r-----000-0-eng-d</controlfield><datafield ind1=" " ind2=" " tag="100"><subfield code="a">Dagnac, Pierrette</subfield></datafield><datafield ind1=" " ind2=" " tag="245"><subfield code="a">Contribution a l etude magnetooptique de quelques composes du soufre. Nature des liaisons soufre-oxygene dans les edifices osxy, o2sxy, so2 et so3</subfield></datafield><datafield ind1=" " ind2=" " tag="260"><subfield code="a">Toulouse</subfield><subfield code="b">Cepadues</subfield><subfield code="c">1970</subfield></datafield><datafield ind1=" " ind2=" " tag="300"><subfield code="a">123 p</subfield></datafield><datafield ind1=" " ind2=" " tag="852"><subfield code="a">546.22</subfield></datafield><datafield ind1=" " ind2=" " tag="CAT"><subfield code="a">SYS</subfield><subfield code="c">20170306</subfield><subfield code="h">230005</subfield></datafield></record></collection>